<collection xmlns="http://www.loc.gov/MARC21/slim">
   <record>
      <leader>02309nam a2200469 a 4500</leader>
      <controlfield tag="001">6752612</controlfield>
      <controlfield tag="003">OCoLC</controlfield>
      <controlfield tag="005">20141103095436.0</controlfield>
      <controlfield tag="006">m     o  d        </controlfield>
      <controlfield tag="007">cr unu</controlfield>
      <controlfield tag="008">141103s2015    maua    ob    001 0 eng d</controlfield>
      <datafield ind1=" " ind2=" " tag="020">
         <subfield code="a">9780124166998</subfield>
      </datafield>
      <datafield ind1=" " ind2=" " tag="020">
         <subfield code="a">0124166997</subfield>
      </datafield>
      <datafield ind1=" " ind2=" " tag="020">
         <subfield code="z">9780124166912</subfield>
      </datafield>
      <datafield ind1=" " ind2=" " tag="035">
         <subfield code="a">ocn893685350</subfield>
      </datafield>
      <datafield ind1=" " ind2=" " tag="037">
         <subfield code="a">CL0500000497</subfield>
         <subfield code="b">Safari Books Online</subfield>
      </datafield>
      <datafield ind1=" " ind2=" " tag="039">
         <subfield code="a">exclude</subfield>
      </datafield>
      <datafield ind1=" " ind2=" " tag="040">
         <subfield code="a">UMI</subfield>
         <subfield code="c">UMI</subfield>
         <subfield code="d">AEU</subfield>
      </datafield>
      <datafield ind1=" " ind2="4" tag="050">
         <subfield code="a">QA76.59</subfield>
         <subfield code="b">.R63 2015</subfield>
      </datafield>
      <datafield ind1=" " ind2=" " tag="090">
         <subfield code="a">Internet Access</subfield>
         <subfield code="b">AEGMCT</subfield>
      </datafield>
      <datafield ind1=" " ind2=" " tag="090">
         <subfield code="a">Internet Access</subfield>
         <subfield code="b">AEU</subfield>
      </datafield>
      <datafield ind1="1" ind2=" " tag="100">
         <subfield code="a">Robinson, Simon,</subfield>
         <subfield code="d">1984-</subfield>
         <subfield code="0">http://id.loc.gov/authorities/names/n2014054089</subfield>
         <subfield code="0">http://viaf.org/viaf/310616343</subfield>
      </datafield>
      <datafield ind1="1" ind2="0" tag="245">
         <subfield code="a">There's not an app for that</subfield>
         <subfield code="h">[electronic resource] :</subfield>
         <subfield code="b">mobile user experience design for life /</subfield>
         <subfield code="c">Simon Robinson, Gary Marsden, Matt Jones.</subfield>
      </datafield>
      <datafield ind1=" " ind2=" " tag="260">
         <subfield code="a">Waltham, MA :</subfield>
         <subfield code="b">Morgan Kaufmann,</subfield>
         <subfield code="c">c2015.</subfield>
      </datafield>
      <datafield ind1=" " ind2=" " tag="300">
         <subfield code="a">1 online resource (1 v.) :</subfield>
         <subfield code="b">ill.</subfield>
      </datafield>
      <datafield ind1=" " ind2=" " tag="336">
         <subfield code="a">text</subfield>
         <subfield code="b">txt</subfield>
         <subfield code="2">rdacontent</subfield>
         <subfield code="0">http://id.loc.gov/vocabulary/contentTypes/txt</subfield>
      </datafield>
      <datafield ind1=" " ind2=" " tag="337">
         <subfield code="a">computer</subfield>
         <subfield code="b">c</subfield>
         <subfield code="2">rdamedia</subfield>
         <subfield code="0">http://id.loc.gov/vocabulary/mediaTypes/c</subfield>
      </datafield>
      <datafield ind1=" " ind2=" " tag="338">
         <subfield code="a">online resource</subfield>
         <subfield code="b">cr</subfield>
         <subfield code="2">rdacarrier</subfield>
         <subfield code="0">http://id.loc.gov/vocabulary/carriers/cr</subfield>
      </datafield>
      <datafield ind1=" " ind2=" " tag="504">
         <subfield code="a">Includes bibliographical references and index.</subfield>
      </datafield>
      <datafield ind1=" " ind2=" " tag="506">
         <subfield code="a">Access restricted to authorized users and institutions.</subfield>
      </datafield>
      <datafield ind1=" " ind2=" " tag="588">
         <subfield code="a">Description based on print version record.</subfield>
      </datafield>
      <datafield ind1=" " ind2=" " tag="596">
         <subfield code="a">44</subfield>
      </datafield>
      <datafield ind1=" " ind2="0" tag="650">
         <subfield code="a">Mobile computing.</subfield>
         <subfield code="0">http://id.loc.gov/authorities/subjects/sh95004596</subfield>
      </datafield>
      <datafield ind1=" " ind2="0" tag="650">
         <subfield code="a">Application software.</subfield>
         <subfield code="0">http://id.loc.gov/authorities/subjects/sh90001980</subfield>
      </datafield>
      <datafield ind1=" " ind2="0" tag="650">
         <subfield code="a">Human-computer interaction.</subfield>
         <subfield code="0">http://id.loc.gov/authorities/subjects/sh88003229</subfield>
      </datafield>
      <datafield ind1="1" ind2=" " tag="700">
         <subfield code="a">Marsden, Gary.</subfield>
         <subfield code="0">http://id.loc.gov/authorities/names/no2005018860</subfield>
         <subfield code="0">http://viaf.org/viaf/58807792</subfield>
      </datafield>
      <datafield ind1="1" ind2=" " tag="700">
         <subfield code="a">Jones, Matt,</subfield>
         <subfield code="d">1968-</subfield>
         <subfield code="0">http://id.loc.gov/authorities/names/no2003034050</subfield>
         <subfield code="0">http://viaf.org/viaf/122181382</subfield>
      </datafield>
      <datafield ind1=" " ind2=" " tag="758">
         <subfield code="0">http://worldcat.org/entity/work/id/23591035</subfield>
      </datafield>
      <datafield ind1="0" ind2=" " tag="787">
         <subfield code="n">OCLC Work Id</subfield>
         <subfield code="o">http://worldcat.org/entity/work/id/23591035</subfield>
      </datafield>
      <datafield ind1="4" ind2="0" tag="856">
         <subfield code="3">University of Alberta Access</subfield>
         <subfield code="u">http://proquest.safaribooksonline.com/?uiCode=ualberta&amp;xmlId=9780124166912</subfield>
      </datafield>
      <datafield ind1=" " ind2=" " tag="949">
         <subfield code="a">Internet Access</subfield>
         <subfield code="h">UAIN</subfield>
         <subfield code="m">GR_MAC_INT</subfield>
         <subfield code="z">SAFMAC</subfield>
      </datafield>
      <datafield ind1=" " ind2=" " tag="926">
         <subfield code="a">Internet Access</subfield>
         <subfield code="w">LC</subfield>
         <subfield code="c">1</subfield>
         <subfield code="i">6752612-1001</subfield>
         <subfield code="l">INTERNET</subfield>
         <subfield code="m">UAINTERNET</subfield>
         <subfield code="r">Y</subfield>
         <subfield code="s">Y</subfield>
         <subfield code="t">E-RESOURCE</subfield>
         <subfield code="u">12/3/2014</subfield>
         <subfield code="x">E-BOOK</subfield>
         <subfield code="z">SAFARI</subfield>
      </datafield>
   </record>
</collection>
